@book{ParticlesAndNuclei,
  title={Particles and Nuclei: An Introduction to the Physical Concepts},
  author={Povh, B. and Lavelle, M. and Rith, K. and Scholz, C. and Zetsche, F.},
  isbn={9783540793687},
  lccn={2008928569},
  url={https://books.google.be/books?id=XyW97WGyVbkC},
  year={2015},
  publisher={Springer Berlin Heidelberg}
}
