@book{ParticlesAndNuclei,
  title={Particles and Nuclei: An Introduction to the Physical Concepts},
  author={Povh, B. and Lavelle, M. and Rith, K. and Scholz, C. and Zetsche, F.},
  isbn={9783540793687},
  lccn={2008928569},
  url={https://books.google.be/books?id=XyW97WGyVbkC},
  year={2015},
  publisher={Springer Berlin Heidelberg}
}
@article{mohr_2016, title={2014 Codata Recommended Values Of The Fundamental Constants Of Physics And Chemistry}, DOI={10.6028/nist.sp.959e2017}, journal={REVIEWS OF MODERN PHYSICS}, author={Mohr, Peter J}, year={2016}, month={Sep}}
@BOOK{Thomson,
	author = {{Thomson}, Mark},
	title = "{Modern Particle Physics}",
	year = 2013,
	adsurl = {https://ui.adsabs.harvard.edu/abs/2013mpp..book.....T},
	adsnote = {Provided by the SAO/NASA Astrophysics Data System}
}