@ARTICLE{monopoles,
       author = {{Parker}, E.~N.},
        title = "{The Origin of Magnetic Fields}",
      journal = {\apj},
         year = 1970,
        month = may,
       volume = {160},
        pages = {383},
          doi = {10.1086/150442},
       adsurl = {https://ui.adsabs.harvard.edu/abs/1970ApJ...160..383P},
      adsnote = {Provided by the SAO/NASA Astrophysics Data System}
}
@article{XiLifeB,
	title = {Precision Measurement of the Mass and Lifetime of the ${\mathrm{\ensuremath{\Xi}}}_{b}^{0}$ Baryon},
	author = {Aaij, R. and Adeva, B. and Adinolfi, M. and Affolder, A. and Ajaltouni, Z. and Akar, S. and Albrecht, J. and Alessio, F. and Alexander, M. and Ali, S. and Alkhazov, G. and Alvarez Cartelle, P. and Alves, A. A. and Amato, S. and Amerio, S. and Amhis, Y. and An, L. and Anderlini, L. and Anderson, J. and Andreassen, R. and Andreotti, M. and Andrews, J. E. and Appleby, R. B. and Aquines Gutierrez, O. and Archilli, F. and Artamonov, A. and Artuso, M. and Aslanides, E. and Auriemma, G. and Baalouch, M. and Bachmann, S. and Back, J. J. and Badalov, A. and Balagura, V. and Baldini, W. and Barlow, R. J. and Barschel, C. and Barsuk, S. and Barter, W. and Batozskaya, V. and Battista, V. and Bay, A. and Beaucourt, L. and Beddow, J. and Bedeschi, F. and Bediaga, I. and Belogurov, S. and Belous, K. and Belyaev, I. and Ben-Haim, E. and Bencivenni, G. and Benson, S. and Benton, J. and Berezhnoy, A. and Bernet, R. and Bettler, M.-O. and van Beuzekom, M. and Bien, A. and Bifani, S. and Bird, T. and Bizzeti, A. and Bj\o{}rnstad, P. M. and Blake, T. and Blanc, F. and Blouw, J. and Blusk, S. and Bocci, V. and Bondar, A. and Bondar, N. and Bonivento, W. and Borghi, S. and Borgia, A. and Borsato, M. and Bowcock, T. J. V. and Bowen, E. and Bozzi, C. and Brambach, T. and van den Brand, J. and Bressieux, J. and Brett, D. and Britsch, M. and Britton, T. and Brodzicka, J. and Brook, N. H. and Brown, H. and Bursche, A. and Busetto, G. and Buytaert, J. and Cadeddu, S. and Calabrese, R. and Calvi, M. and Calvo Gomez, M. and Camboni, A. and Campana, P. and Campora Perez, D. and Carbone, A. and Carboni, G. and Cardinale, R. and Cardini, A. and Carranza-Mejia, H. and Carson, L. and Carvalho Akiba, K. and Casse, G. and Cassina, L. and Castillo Garcia, L. and Cattaneo, M. and Cauet, Ch. and Cenci, R. and Charles, M. and Charpentier, Ph. and Chen, S. and Cheung, S.-F. and Chiapolini, N. and Chrzaszcz, M. and Ciba, K. and Cid Vidal, X. and Ciezarek, G. and Clarke, P. E. L. and Clemencic, M. and Cliff, H. V. and Closier, J. and Coco, V. and Cogan, J. and Cogneras, E. and Collins, P. and Comerma-Montells, A. and Contu, A. and Cook, A. and Coombes, M. and Coquereau, S. and Corti, G. and Corvo, M. and Counts, I. and Couturier, B. and Cowan, G. A. and Craik, D. C. and Cruz Torres, M. and Cunliffe, S. and Currie, R. and D'Ambrosio, C. and Dalseno, J. and David, P. and David, P. N. Y. and Davis, A. and De Bruyn, K. and De Capua, S. and De Cian, M. and De Miranda, J. M. and De Paula, L. and De Silva, W. and De Simone, P. and Decamp, D. and Deckenhoff, M. and Del Buono, L. and D\'el\'eage, N. and Derkach, D. and Deschamps, O. and Dettori, F. and Di Canto, A. and Dijkstra, H. and Donleavy, S. and Dordei, F. and Dorigo, M. and Dosil Su\'arez, A. and Dossett, D. and Dovbnya, A. and Dreimanis, K. and Dujany, G. and Dupertuis, F. and Durante, P. and Dzhelyadin, R. and Dziurda, A. and Dzyuba, A. and Easo, S. and Egede, U. and Egorychev, V. and Eidelman, S. and Eisenhardt, S. and Eitschberger, U. and Ekelhof, R. and Eklund, L. and El Rifai, I. and Elsasser, Ch. and Ely, S. and Esen, S. and Evans, H.-M. and Evans, T. and Falabella, A. and F\"arber, C. and Farinelli, C. and Farley, N. and Farry, S. and Ferguson, D. and Fernandez Albor, V. and Ferreira Rodrigues, F. and Ferro-Luzzi, M. and Filippov, S. and Fiore, M. and Fiorini, M. and Firlej, M. and Fitzpatrick, C. and Fiutowski, T. and Fontana, M. and Fontanelli, F. and Forty, R. and Francisco, O. and Frank, M. and Frei, C. and Frosini, M. and Fu, J. and Furfaro, E. and Gallas Torreira, A. and Galli, D. and Gallorini, S. and Gambetta, S. and Gandelman, M. and Gandini, P. and Gao, Y. and Garofoli, J. and Garra Tico, J. and Garrido, L. and Gaspar, C. and Gauld, R. and Gavardi, L. and Gavrilov, G. and Gersabeck, E. and Gersabeck, M. and Gershon, T. and Ghez, Ph. and Gianelle, A. and Giani', S. and Gibson, V. and Giubega, L. and Gligorov, V. V. and G\"obel, C. and Golubkov, D. and Golutvin, A. and Gomes, A. and Gordon, H. and Gotti, C. and Grabalosa G\'andara, M. and Graciani Diaz, R. and Granado Cardoso, L. A. and Graug\'es, E. and Graziani, G. and Grecu, A. and Greening, E. and Gregson, S. and Griffith, P. and Grillo, L. and Gr\"unberg, O. and Gui, B. and Gushchin, E. and Guz, Yu. and Gys, T. and Hadjivasiliou, C. and Haefeli, G. and Haen, C. and Haines, S. C. and Hall, S. and Hamilton, B. and Hampson, T. and Han, X. and Hansmann-Menzemer, S. and Harnew, N. and Harnew, S. T. and Harrison, J. and Hartmann, T. and He, J. and Head, T. and Heijne, V. and Hennessy, K. and Henrard, P. and Henry, L. and Hernando Morata, J. A. and van Herwijnen, E. and He\ss{}, M. and Hicheur, A. and Hill, D. and Hoballah, M. and Hombach, C. and Hulsbergen, W. and Hunt, P. and Hussain, N. and Hutchcroft, D. and Hynds, D. and Idzik, M. and Ilten, P. and Jacobsson, R. and Jaeger, A. and Jalocha, J. and Jans, E. and Jaton, P. and Jawahery, A. and Jing, F. and John, M. and Johnson, D. and Jones, C. R. and Joram, C. and Jost, B. and Jurik, N. and Kaballo, M. and Kandybei, S. and Kanso, W. and Karacson, M. and Karbach, T. M. and Karodia, S. and Kelsey, M. and Kenyon, I. R. and Ketel, T. and Khanji, B. and Khurewathanakul, C. and Klaver, S. and Kochebina, O. and Kolpin, M. and Komarov, I. and Koopman, R. F. and Koppenburg, P. and Korolev, M. and Kozlinskiy, A. and Kravchuk, L. and Kreplin, K. and Kreps, M. and Krocker, G. and Krokovny, P. and Kruse, F. and Kucewicz, W. and Kucharczyk, M. and Kudryavtsev, V. and Kurek, K. and Kvaratskheliya, T. and La Thi, V. N. and Lacarrere, D. and Lafferty, G. and Lai, A. and Lambert, D. and Lambert, R. W. and Lanciotti, E. and Lanfranchi, G. and Langenbruch, C. and Langhans, B. and Latham, T. and Lazzeroni, C. and Le Gac, R. and van Leerdam, J. and Lees, J.-P. and Lef\`evre, R. and Leflat, A. and Lefran\ifmmode \mbox{\c{c}}\else \c{c}\fi{}ois, J. and Leo, S. and Leroy, O. and Lesiak, T. and Leverington, B. and Li, Y. and Liles, M. and Lindner, R. and Linn, C. and Lionetto, F. and Liu, B. and Liu, G. and Lohn, S. and Longstaff, I. and Lopes, J. H. and Lopez-March, N. and Lowdon, P. and Lu, H. and Lucchesi, D. and Luo, H. and Lupato, A. and Luppi, E. and Lupton, O. and Machefert, F. and Machikhiliyan, I. V. and Maciuc, F. and Maev, O. and Malde, S. and Manca, G. and Mancinelli, G. and Maratas, J. and Marchand, J. F. and Marconi, U. and Marin Benito, C. and Marino, P. and M\"arki, R. and Marks, J. and Martellotti, G. and Martens, A. and Mart\'{\i}n S\'anchez, A. and Martinelli, M. and Martinez Santos, D. and Martinez Vidal, F. and Martins Tostes, D. and Massafferri, A. and Matev, R. and Mathe, Z. and Matteuzzi, C. and Mazurov, A. and McCann, M. and McCarthy, J. and McNab, A. and McNulty, R. and McSkelly, B. and Meadows, B. and Meier, F. and Meissner, M. and Merk, M. and Milanes, D. A. and Minard, M.-N. and Moggi, N. and Molina Rodriguez, J. and Monteil, S. and Morandin, M. and Morawski, P. and Mord\`a, A. and Morello, M. J. and Moron, J. and Morris, A.-B. and Mountain, R. and Muheim, F. and M\"uller, K. and Muresan, R. and Mussini, M. and Muster, B. and Naik, P. and Nakada, T. and Nandakumar, R. and Nasteva, I. and Needham, M. and Neri, N. and Neubert, S. and Neufeld, N. and Neuner, M. and Nguyen, A. D. and Nguyen, T. D. and Nguyen-Mau, C. and Nicol, M. and Niess, V. and Niet, R. and Nikitin, N. and Nikodem, T. and Novoselov, A. and O'Hanlon, D. P. and Oblakowska-Mucha, A. and Obraztsov, V. and Oggero, S. and Ogilvy, S. and Okhrimenko, O. and Oldeman, R. and Onderwater, G. and Orlandea, M. and Otalora Goicochea, J. M. and Owen, P. and Oyanguren, A. and Pal, B. K. and Palano, A. and Palombo, F. and Palutan, M. and Panman, J. and Papanestis, A. and Pappagallo, M. and Parkes, C. and Parkinson, C. J. and Passaleva, G. and Patel, G. D. and Patel, M. and Patrignani, C. and Pazos Alvarez, A. and Pearce, A. and Pellegrino, A. and Pepe Altarelli, M. and Perazzini, S. and Perez Trigo, E. and Perret, P. and Perrin-Terrin, M. and Pescatore, L. and Pesen, E. and Petridis, K. and Petrolini, A. and Picatoste Olloqui, E. and Pietrzyk, B. and Pila\ifmmode \check{r}\else \v{r}\fi{}, T. and Pinci, D. and Pistone, A. and Playfer, S. and Plo Casasus, M. and Polci, F. and Poluektov, A. and Polycarpo, E. and Popov, A. and Popov, D. and Popovici, B. and Potterat, C. and Price, E. and Prisciandaro, J. and Pritchard, A. and Prouve, C. and Pugatch, V. and Puig Navarro, A. and Punzi, G. and Qian, W. and Rachwal, B. and Rademacker, J. H. and Rakotomiaramanana, B. and Rama, M. and Rangel, M. S. and Raniuk, I. and Rauschmayr, N. and Raven, G. and Reichert, S. and Reid, M. M. and dos Reis, A. C. and Ricciardi, S. and Richards, S. and Rihl, M. and Rinnert, K. and Rives Molina, V. and Roa Romero, D. A. and Robbe, P. and Rodrigues, A. B. and Rodrigues, E. and Rodriguez Perez, P. and Roiser, S. and Romanovsky, V. and Romero Vidal, A. and Rotondo, M. and Rouvinet, J. and Ruf, T. and Ruffini, F. and Ruiz, H. and Ruiz Valls, P. and Sabatino, G. and Saborido Silva, J. J. and Sagidova, N. and Sail, P. and Saitta, B. and Salustino Guimaraes, V. and Sanchez Mayordomo, C. and Sanmartin Sedes, B. and Santacesaria, R. and Santamarina Rios, C. and Santovetti, E. and Sapunov, M. and Sarti, A. and Satriano, C. and Satta, A. and Saunders, D. M. and Savrie, M. and Savrina, D. and Schiller, M. and Schindler, H. and Schlupp, M. and Schmelling, M. and Schmidt, B. and Schneider, O. and Schopper, A. and Schune, M.-H. and Schwemmer, R. and Sciascia, B. and Sciubba, A. and Seco, M. and Semennikov, A. and Sepp, I. and Serra, N. and Serrano, J. and Sestini, L. and Seyfert, P. and Shapkin, M. and Shapoval, I. and Shcheglov, Y. and Shears, T. and Shekhtman, L. and Shevchenko, V. and Shires, A. and Silva Coutinho, R. and Simi, G. and Sirendi, M. and Skidmore, N. and Skwarnicki, T. and Smith, N. A. and Smith, E. and Smith, E. and Smith, J. and Smith, M. and Snoek, H. and Sokoloff, M. D. and Soler, F. J. P. and Soomro, F. and Souza, D. and Souza De Paula, B. and Spaan, B. and Sparkes, A. and Spradlin, P. and Stagni, F. and Stahl, M. and Stahl, S. and Steinkamp, O. and Stenyakin, O. and Stevenson, S. and Stoica, S. and Stone, S. and Storaci, B. and Stracka, S. and Straticiuc, M. and Straumann, U. and Stroili, R. and Subbiah, V. K. and Sun, L. and Sutcliffe, W. and Swientek, K. and Swientek, S. and Syropoulos, V. and Szczekowski, M. and Szczypka, P. and Szilard, D. and Szumlak, T. and T'Jampens, S. and Teklishyn, M. and Tellarini, G. and Teubert, F. and Thomas, C. and Thomas, E. and van Tilburg, J. and Tisserand, V. and Tobin, M. and Tolk, S. and Tomassetti, L. and Tonelli, D. and Topp-Joergensen, S. and Torr, N. and Tournefier, E. and Tourneur, S. and Tran, M. T. and Tresch, M. and Tsaregorodtsev, A. and Tsopelas, P. and Tuning, N. and Ubeda Garcia, M. and Ukleja, A. and Ustyuzhanin, A. and Uwer, U. and Vagnoni, V. and Valenti, G. and Vallier, A. and Vazquez Gomez, R. and Vazquez Regueiro, P. and V\'azquez Sierra, C. and Vecchi, S. and Velthuis, J. J. and Veltri, M. and Veneziano, G. and Vesterinen, M. and Viaud, B. and Vieira, D. and Vieites Diaz, M. and Vilasis-Cardona, X. and Vollhardt, A. and Volyanskyy, D. and Voong, D. and Vorobyev, A. and Vorobyev, V. and Vo\ss{}, C. and Voss, H. and de Vries, J. A. and Waldi, R. and Wallace, C. and Wallace, R. and Walsh, J. and Wandernoth, S. and Wang, J. and Ward, D. R. and Watson, N. K. and Websdale, D. and Whitehead, M. and Wicht, J. and Wiedner, D. and Wilkinson, G. and Williams, M. P. and Williams, M. and Wilson, F. F. and Wimberley, J. and Wishahi, J. and Wislicki, W. and Witek, M. and Wormser, G. and Wotton, S. A. and Wright, S. and Wu, S. and Wyllie, K. and Xie, Y. and Xing, Z. and Xu, Z. and Yang, Z. and Yuan, X. and Yushchenko, O. and Zangoli, M. and Zavertyaev, M. and Zhang, L. and Zhang, W. C. and Zhang, Y. and Zhelezov, A. and Zhokhov, A. and Zhong, L. and Zvyagin, A.},
	collaboration = {LHCb Collaboration},
	journal = {Phys. Rev. Lett.},
	volume = {113},
	issue = {3},
	pages = {032001},
	numpages = {10},
	year = {2014},
	month = {Jul},
	publisher = {American Physical Society},
	doi = {10.1103/PhysRevLett.113.032001},
	url = {https://link.aps.org/doi/10.1103/PhysRevLett.113.032001}
}

